@Article{m8r,
  author = {S. Fomel and P. Sava and I. Vlad and Y. Liu and
                 V. Bashkardin},
  title = {Madagascar: open-source software project for
              multidimensional data analysis and reproducible 
              computational experiments},
  journal =      {Journal of Open Research Software},
  year =     2013,
  volume =   1,
  number =   1,
  pages =    {e8},
  doi =      {http://dx.doi.org/10.5334/jors.ag}}