Automatically generated by Mendeley Desktop 1.19.1
Any changes to this file will be lost if it is regenerated by Mendeley.

BibTeX export options can be customized via Options -> BibTeX in Mendeley Desktop

@book{Ihn2009,
author = {Ihn, Thomas},
booktitle = {Encyclopedia of Condensed Matter Physics},
file = {:home/jaap/.local/share/data/Mendeley Ltd./Mendeley Desktop/Downloaded/Ihn - 2009 - Semiconductor Nanotructures Quantum States and Electronic Transport.pdf:pdf},
isbn = {978-0-12-369401-0},
title = {{Semiconductor Nanotructures: Quantum States and Electronic Transport}},
url = {http://www.sciencedirect.com/science/article/pii/B0123694019005891},
year = {2009}
}
@phdthesis{Veen2015,
author = {Veen, Jasper Van},
file = {:home/jaap/.local/share/data/Mendeley Ltd./Mendeley Desktop/Downloaded/Veen - 2015 - On the optimization of the induced superconducting gap in semiconducting nanowires.pdf:pdf},
school = {Delft University of Technology},
title = {{On the optimization of the induced superconducting gap in semiconducting nanowires}},
type = {Masters Thesis},
year = {2015}
}
@phdthesis{Vries2014,
author = {Vries, Folkert Kornelis De},
file = {:home/jaap/.local/share/data/Mendeley Ltd./Mendeley Desktop/Downloaded/Vries - 2014 - Improving the superconducting gap in InSb nanowires.pdf:pdf},
school = {Delft University of Technology},
title = {{Improving the superconducting gap in InSb nanowires}},
type = {Masters Thesis},
year = {2014}
}
