Automatically generated by Mendeley Desktop 1.17.13
Any changes to this file will be lost if it is regenerated by Mendeley.

BibTeX export options can be customized via Options -> BibTeX in Mendeley Desktop

@article{Esposito2011,
abstract = {The amount of work that is needed to change the state of a system in contact with a heat bath between specified initial and final nonequilibrium states is at least equal to the corresponding equilibrium free energy difference plus (resp. minus) temperature times the information of the final (resp. the initial) state relative to the corresponding equilibrium distributions.},
archivePrefix = {arXiv},
arxivId = {1104.5165},
author = {Esposito, M. and {Van Den Broeck}, C.},
doi = {10.1209/0295-5075/95/40004},
eprint = {1104.5165},
file = {:C$\backslash$:/Users/Jaap/AppData/Local/Mendeley Ltd./Mendeley Desktop/Downloaded/Esposito, Van Den Broeck - 2011 - Second law and Landauer principle far from equilibrium.pdf:pdf},
issn = {02955075},
journal = {Epl},
number = {4},
title = {{Second law and Landauer principle far from equilibrium}},
volume = {95},
year = {2011}
}
